@article{robot1,
title = {A Stable Tracking Control Method for an Autonomous Mobile Robot},
author = {Yutaka Kanayama, Yoshihiko Kimura, Fumio Miyazaki and Tetsuo Noguchi },
year = {1990},
journal = {Robotics and Automation, 1990. Proceedings., 1990 IEEE International Conference on}
}
@article{robot2,
title = {Kinematics, dynamics and control of wheeled mobile robots},
author = {Yilin Zhao and S.L. BeMent},
year = {1992},
journal = { Robotics and Automation, 1992. Proceedings., 1992 IEEE International Conference on}
}
@article{robot3,
title = {Control of an omnidirectional mobile robot},
author = { K. Watanabe},
year = {1998},
journal = {Knowledge-Based Intelligent Electronic Systems, 1998. Proceedings KES '98. 1998 Second International Conference on}
}
@article{robot4,
title = {An Agricultural Mobile Robot with Vision-Based Perception for Mechanical Weed Control},
author = {Bjorn Astrand and Albert-Jan Baerveldt},
year = {2002},
journal = {Autonomous Robots - Springer}
}
@article{robot5,
title = {Fuzzy Logic Control vs. Nonlinear P Control of a Three Wheeled Mobile Robot (TWMR)},
author = {Behnam Dadashzadeh and M.J. Mahjoob},
year = {2007},
journal = {Mechatronics and Automation, 2007. ICMA 2007. International Conference on}
}
@article{robot6,
title = {Self-propelled, electric, three wheel maintenance cart},
author = {Brueske Vern Alvin},
year = {1968},
journal = {US Patent 3572455 A}
}
@article{murray,
title = {Chapter 12, Optimization Based Control},
author = {R M Murray},
year = {2010}
}
@article{manual,
title = {An adaptive dynamic controller for autonomous mobile robot trajectory tracking},
author = {Felipe N. Martinsa and Wanderley C. Celestea and Ricardo Carellib and Mario Sarcinelli Filhoa and Teodiano F. Bastos Filhoa},
year = {2008},
journal = {Control Engineering Practice}
}
@article{bldcmodel,
title = {PID Control of Brushless DC Motor and Robot Trajectory Planning and Simulation with MATLAB/Simuling},
author = {Oludayo Oguntoyinbo},
year = {2009},
journal = {KTH Royal : PhD Thesis}
}
@article{iv,
title = {Instrumental variable methods for system identification},
author = {Torsten Soderstrom and Petre Stoica},
year = {2002},
journal = {Circuits Systems and Signal Processing}
}
@book{ogata,
title = {Discrete-time control systems},
author = {Katsuhiko Ogata},
year = {1987},
publisher = {Prentice Hall, 2nd Edition}
}
@article{tyler,
title = {Self-driving Tricycles},
author = {Tyler C. Folsom},
year = {2013},
journal = {University of Washington}
}
@inproceedings{own,
  title={Low cost autonomous navigation and control of a mechanically balanced bicycle with dual locomotion mode},
  author={Pandey, Ayush and Mahajan, Subhamoy and Kosta, Adarsh and Yadav, Dhananjay and others},
  booktitle={Transportation Electrification Conference (ITEC), 2015 IEEE International},
  pages={1--10},
  year={2015},
  organization={IEEE}
}
@inproceedings{jignesh,
  title={Rigid body modeling of three wheel vehicle to determine the dynamic stability - A practical approach},
  author={Sindha, Jignesh and Chakraborty, Basab and Chakravarty, Debashish},
  booktitle={Transportation Electrification Conference (ITEC), 2015 IEEE International},
  pages={1--8},
  year={2015},
  organization={IEEE}
}
@article{mercedes,
title = {Mercedes F 300 - Concept Cars},
author = {},
year = {2016},
journal = {Mercedes-Benz}
}
@article{tp-rrt,
title = {TP-Space RRT --- Kinematic Path Planning of Non-Holonomic Any-Shape Vehicles},
author = {Jose Luis Blanco and Mauro Bellone and Antonio Gimenez-Fernandez},
year = {2015},
journal = {International Journal of Advanced Robotic Systems}
}
@article{ros-tricycle,
title = {Gazebo ROS Tricycle Drive Simulation},
author = {Markus Bader},
year = {2014},
}
@book{lavalle,
title = {Planning Algorithms},
author = {Steven M. LaValle},
year = {2006},
publisher = {Cambridge University Press}
}
